
%
%  $Description: Sample bibliography$ 
% 
%  $Author: ienne $ 
%  $Date: 1995/09/15 15:19:53 $
%  $Revision: 1.3 $
%

@inproceedings{Xu1989ADF,
  title={A design for a fault-tolerant, distributed implementation of Linda},
  author={Andrew Xu and Barbara Liskov},
  booktitle={FTCS},
  year={1989}
}


@article{Bakken:1995:SFP:203121.203132,
 author = {Bakken, David Edward and Schlichting, Richard D.},
 title = {Supporting Fault-Tolerant Parallel Programming in Linda},
 journal = {IEEE Trans. Parallel Distrib. Syst.},
 issue_date = {March 1995},
 volume = {6},
 number = {3},
 month = mar,
 year = {1995},
 issn = {1045-9219},
 pages = {287--302},
 numpages = {16},
 url = {http://dx.doi.org/10.1109/71.372777},
 doi = {10.1109/71.372777},
 acmid = {203132},
 publisher = {IEEE Press},
 address = {Piscataway, NJ, USA},
} 

@inproceedings{Oki:1988:VRN:62546.62549,
 author = {Oki, Brian M. and Liskov, Barbara H.},
 title = {Viewstamped Replication: A New Primary Copy Method to Support Highly-Available Distributed Systems},
 series = {PODC '88},
 year = {1988},
 isbn = {0-89791-277-2},
 location = {Toronto, Ontario, Canada},
 pages = {8--17},
 numpages = {10},
 url = {http://doi.acm.org/10.1145/62546.62549},
 doi = {10.1145/62546.62549},
 acmid = {62549},
 publisher = {ACM},
 address = {New York, NY, USA},
} 

@inproceedings{Ongaro:2014:SUC:2643634.2643666,
 author = {Ongaro, Diego and Ousterhout, John},
 title = {In Search of an Understandable Consensus Algorithm},
 series = {USENIX ATC'14},
 year = {2014},
 isbn = {978-1-931971-10-2},
 location = {Philadelphia, PA},
 pages = {305--320},
 numpages = {16},
 url = {http://dl.acm.org/citation.cfm?id=2643634.2643666},
 acmid = {2643666},
 publisher = {USENIX Association},
 address = {Berkeley, CA, USA},
} 

@article{Lamport:1998:PP:279227.279229,
 author = {Lamport, Leslie},
 title = {The Part-time Parliament},
 journal = {ACM Trans. Comput. Syst.},
 issue_date = {May 1998},
 volume = {16},
 number = {2},
 month = may,
 year = {1998},
 issn = {0734-2071},
 pages = {133--169},
 numpages = {37},
 url = {http://doi.acm.org/10.1145/279227.279229},
 doi = {10.1145/279227.279229},
 acmid = {279229},
 publisher = {ACM},
 address = {New York, NY, USA},
 keywords = {state machines, three-phase commit, voting},
}